@techreport{rfc3339,
	shorthand={RFC3339},
	author = {Klyne, Graham and Newman, Chris},
	title="{Date and Time on the Internet: Timestamps}",
	HOWPUBLISHED = {Internet Requests for Comments},
	type = {Standard},
	NUMBER=3339,
	year={2002},
	month=feb,
	PUBLISHER = "{RFC Editor}",
	INSTITUTION = "{RFC Editor}",
	organization = {Internet Engineering Task Force},
	series = {Request for Comments},
	keywords = {RFC, IETF, Specification, Standard},
	URL={http://www.rfc-editor.org/rfc/rfc3339.txt}
}

@techreport{rfc1123,
	shorthand={RFC1123},
	author = {Braden, Robert},
	title="{Requirements for Internet Hosts -- Application and Support}",
	HOWPUBLISHED = {Internet Requests for Comments},
	type = {Standard},
	NUMBER=1123,
	year={1989},
	month=oct,
	PUBLISHER = "{RFC Editor}",
	INSTITUTION = "{RFC Editor}",
	organization = {Internet Engineering Task Force},
	series = {Request for Comments},
	keywords = {RFC, IETF, Specification, Standard},
	URL={http://www.rfc-editor.org/rfc/rfc1123.txt}
}

@techreport{iso8601,
	shorthand={ISO8601},
	author = {ISO Technical Committee TC 154},
	title = "{Data elements and interchange formats -- Information interchange -- Representation of dates and times}",
	url={http://www.iso.org/iso/catalogue_detail?csnumber=40874},
	type = {Standard},
	key = {ISO 8601:2004},
	month = dec,
	year = {2004},
	volume = {3},
	address = {Geneva, CH},
	keywords = {ISO, Specification, Standard},
	institution = {International Organization for Standardization}
}

@techreport{ECMA-262,
	shorthand={ECMA262},
	title = {Standard ECMA-262 - ECMAScript Language Specification},
	author = {{ECMA International}},
	edition = {7},
	keywords = {ECMA, JavaScript, Specification, Standard},
	month = jun,
	year = 2017,
	type = {Standard},
	url = {http://www.ecma-international.org/ecma-262/7.0/index.html}
}

@techreport{ECMA-404,
	shorthand={ECMA404},
	title = {Standard ECMA-404 - The JSON Data Interchange Format},
	author = {{ECMA International}},
	edition = {1},
	keywords = {ECMA, JSON, Specification, Standard},
	month = oct,
	year = 2013,
	type = {Standard},
	url = {http://www.ecma-international.org/publications/files/ECMA-ST/ECMA-404.pdf}
}

@techreport{rfc6749,
	shorthand={RFC6749},
	author = {Dick, Hardt},
	title="{The OAuth 2.0 Authorization Framework}",
	HOWPUBLISHED = {Internet Requests for Comments},
	type = {Standard},
	NUMBER=6749,
	year={2012},
	month=oct,
	PUBLISHER = "{RFC Editor}",
	INSTITUTION = "{RFC Editor}",
	organization = {Internet Engineering Task Force},
	series = {Request for Comments},
	keywords = {RFC, IETF, Specification, Standard},
	URL={http://www.rfc-editor.org/rfc/rfc6749.txt}
}

@misc{android-market-share,
	title="{Android Captures Record 88 Percent Share of Global Smartphone Shipments in Q3 2016}",
	author={Linda, Sui},
	organization={Strategy Analytics},
	year={2016},
	month=nov,
	URL={https://www.strategyanalytics.com/strategy-analytics/news/strategy-analytics-press-releases/strategy-analytics-press-release/2016/11/02/strategy-analytics-android-captures-record-88-percent-share-of-global-smartphone-shipments-in-q3-2016}
}

@misc{android-apps,
	title="{Google Play stats}",
	year={2017},
	month=may,
	author={AppBrain},
	URL={https://www.appbrain.com/stats}
}

@misc{android-7-release,
	title="{Android 7.0 Nougat: a more powerful OS, made for you}",
	author={Sameer, Samat},
	year={2016},
	month=aug,
	organization={Google},
	URL={https://blog.google/products/android/android-70-nougat-more-powerful-os-made/}
}

@misc{waze-google,
	title="{Waze Joins Google!}",
	organization={Waze},
	year={2013},
	month=jun,
	URL={https://blog.waze.com/2013/06/waze-joins-google.html}
}

@report{waze-driverindex,
	title="{Driver Satisfaction Index 2016}",
	organization={Waze},
	year=2016,
	URL={https://inbox-static.waze.com/driverindex.pdf}
}

@misc{android-sdk,
	title="{Top Android SDK versions}",
	year={2017},
	month=may,
	author={AppBrain},
	URL={https://www.appbrain.com/stats/top-android-sdk-versions}
}

@misc{djagora-intro,
	title="{Ã€ propos}",
	organization={Djagora Academy},
	year={2017},
	URL={http://djagora.factorycampus.net/}
}

@misc{email-length,
	title="{RFC 3696, Errata ID: 1690}",
	organization = {Internet Engineering Task Force},
	author={Dominic, Sayers},
	URL={http://www.rfc-editor.org/errata_search.php?rfc=3696&eid=1690}
}

@misc{getNetworkType,
	title="{android.telephony.TelephonyManager.getNetworkType()}",
	URL={https://developer.android.com/reference/android/telephony/TelephonyManager.html#getNetworkType()}
}
