@comment{x-kbibtex-personnameformatting=<%l><, %f>}

@misc{Nobody06,
	author = "Jr, Nobody",
	title = "{My Article}",
	year = "2006"
}

@misc{New2,
	address = "uitytjhg",
	author = "rihab majboud",
	booktitle = "{zges}",
	chapter = "kjhlykjh",
	edition = "ljkmll",
	howpublished = "hjgjh",
	institution = "guigul",
	journal = "hkghlkh",
	location = "ugyfhgf",
	month = jul,
	number = "5",
	organization = "kgyutiug",
	pages = "5",
	publisher = "uyyuhkhjk",
	school = "dfgvdgrd",
	series = "{rggrz}",
	title = "{ezgyezhye}",
	type = "gytrjkydsr",
	volume = "2",
	year = "2009"
}

