@techreport{rfc3339,
	shorthand={RFC3339},
	author = {Klyne, Graham and Newman, Chris},
	title="{Date and Time on the Internet: Timestamps}",
	HOWPUBLISHED = {Internet Requests for Comments},
	type="{RFC}",
	NUMBER=3339,
	year={2002},
	month=feb,
	PUBLISHER = "{RFC Editor}",
	INSTITUTION = "{RFC Editor}",
	organization = {Internet Engineering Task Force},
	series = {Request for Comments},
	URL={http://www.rfc-editor.org/rfc/rfc3339.txt}
}

@techreport{rfc1123,
	shorthand={RFC1123},
	author = {Braden, Robert},
	title="{Requirements for Internet Hosts -- Application and Support}",
	HOWPUBLISHED = {Internet Requests for Comments},
	type="{RFC}",
	NUMBER=1123,
	year={1989},
	month=oct,
	PUBLISHER = "{RFC Editor}",
	INSTITUTION = "{RFC Editor}",
	organization = {Internet Engineering Task Force},
	series = {Request for Comments},
	URL={http://www.rfc-editor.org/rfc/rfc1123.txt}
}

@techreport{iso8601,
	shorthand={ISO8601},
	author = {ISO Technical Committee TC 154},
	title = "{Data elements and interchange formats -- Information interchange -- Representation of dates and times}",
	url={http://www.iso.org/iso/catalogue_detail?csnumber=40874},
	type = {Standard},
	key = {ISO 8601:2004},
	month = dec,
	year = {2004},
	volume = {3},
	address = {Geneva, CH},
	institution = {International Organization for Standardization}
}

@article{Schwaber1995,
	author = {Schwaber, Ken},
	journal = {OOPSLA Business Object Design and Implementation},
	pages = {10--19},
	title = {{Scrum Development Process}},
	year = {1995}
}
